[gd_scene load_steps=5 format=2]

[ext_resource path="res://sprites/dialog/body.png" type="Texture" id=1]
[ext_resource path="res://themes/book.tres" type="Theme" id=2]
[ext_resource path="res://DialogPlayer.gd" type="Script" id=3]

[sub_resource type="Animation" id=1]
resource_name = "TextDisplay"
length = 0.5
tracks/0/type = "value"
tracks/0/path = NodePath(".:percent_visible")
tracks/0/interp = 1
tracks/0/loop_wrap = true
tracks/0/imported = false
tracks/0/enabled = true
tracks/0/keys = {
"times": PoolRealArray( 0, 0.5 ),
"transitions": PoolRealArray( 1, 1 ),
"update": 0,
"values": [ 0.0, 1.0 ]
}

[node name="DialogPlayer" type="Node"]
script = ExtResource( 3 )

[node name="DialogBox" type="Control" parent="."]
anchor_right = 1.0
anchor_bottom = 1.0
margin_left = 1920.0
theme = ExtResource( 2 )

[node name="Body_NinePatchRect" type="NinePatchRect" parent="DialogBox"]
anchor_left = 1.0
anchor_top = 0.5
anchor_right = 1.0
anchor_bottom = 0.5
margin_left = -480.0
margin_top = -360.0
margin_bottom = 360.0
texture = ExtResource( 1 )
patch_margin_left = 5
patch_margin_top = 5
patch_margin_right = 5
patch_margin_bottom = 5

[node name="MarginContainer" type="MarginContainer" parent="DialogBox/Body_NinePatchRect"]
anchor_right = 1.0
anchor_bottom = 1.0
margin_left = 16.0
margin_top = 48.0
margin_right = -16.0
margin_bottom = -48.0

[node name="Body_Label" type="Label" parent="DialogBox/Body_NinePatchRect/MarginContainer"]
margin_right = 448.0
margin_bottom = 624.0
size_flags_horizontal = 3
size_flags_vertical = 3
text = "Dialog text goes here lolololololololol"
autowrap = true

[node name="Body_AnimationPlayer" type="AnimationPlayer" parent="DialogBox/Body_NinePatchRect/MarginContainer/Body_Label"]
anims/TextDisplay = SubResource( 1 )

[node name="Speaker_NinePatchRect" type="NinePatchRect" parent="DialogBox/Body_NinePatchRect"]
margin_left = 11.0
margin_top = -60.0
margin_right = 255.0
margin_bottom = 4.0
texture = ExtResource( 1 )
patch_margin_left = 5
patch_margin_top = 5
patch_margin_right = 5
patch_margin_bottom = 5
__meta__ = {
"_edit_group_": true
}

[node name="Speaker_Label" type="Label" parent="DialogBox/Body_NinePatchRect/Speaker_NinePatchRect"]
anchor_left = 0.5
anchor_top = 0.5
anchor_right = 0.5
anchor_bottom = 0.5
margin_left = -122.0
margin_top = -32.0
margin_right = 122.0
margin_bottom = 32.0
text = "Speaker Name"
align = 1
valign = 1

[node name="Prompt_NinePatchRect" type="NinePatchRect" parent="DialogBox/Body_NinePatchRect"]
margin_left = 183.0
margin_top = 716.0
margin_right = 451.0
margin_bottom = 780.0
texture = ExtResource( 1 )
patch_margin_left = 5
patch_margin_top = 5
patch_margin_right = 5
patch_margin_bottom = 5
__meta__ = {
"_edit_group_": true
}

[node name="Prompt_Label" type="Label" parent="DialogBox/Body_NinePatchRect/Prompt_NinePatchRect"]
anchor_left = 0.5
anchor_top = 0.5
anchor_right = 0.5
anchor_bottom = 0.5
margin_left = -126.0
margin_top = -17.5
margin_right = 126.0
margin_bottom = 17.5
text = "Press Spacebar"

[node name="Prompt_AnimationPlayer" type="AnimationPlayer" parent="DialogBox/Body_NinePatchRect/Prompt_NinePatchRect"]

[connection signal="animation_finished" from="DialogBox/Body_NinePatchRect/MarginContainer/Body_Label/Body_AnimationPlayer" to="." method="_on_Body_AnimationPlayer_animation_finished"]
